@article{akre1979switching,
  title={Switching and sigmoid functional response curves by damselfly naiads with alternative prey available},
  author={Akre, Barbara G and Johnson, Dan M},
  journal={The Journal of Animal Ecology},
  pages={703--720},
  year={1979},
  publisher={JSTOR}
}

@article{aljetlawi2004prey,
  title={Prey--predator size-dependent functional response: derivation and rescaling to the real world},
  author={Aljetlawi, Albashir A and Sparrevik, Erik and Leonardsson, Kjell},
  journal={Journal of Animal Ecology},
  volume={73},
  number={2},
  pages={239--252},
  year={2004},
  publisher={Wiley Online Library}
}

@article{baskett2012integrating,
  title={Integrating mechanistic organism--environment interactions into the basic theory of community and evolutionary ecology},
  author={Baskett, Marissa L},
  journal={Journal of Experimental Biology},
  volume={215},
  number={6},
  pages={948--961},
  year={2012},
  publisher={The Company of Biologists Ltd}
}

@book{begon1986ecology,
  title={Ecology. Individuals, populations and communities.},
  author={Begon, Michael and Harper, John L and Townsend, Colin R and others},
  year={1986},
  publisher={Blackwell scientific publications}
}

@article{burnhamandanderson2004,
Author = {Burnham, KP and Anderson, DR},
Title = {{Multimodel inference - understanding AIC and BIC in model selection}},
Journal = {{SOCIOLOGICAL METHODS \& RESEARCH}},
Year = {{2004}},
Volume = {{33}},
Number = {{2}},
Pages = {{261-304}},
Month = {{NOV}},
DOI = {{10.1177/0049124104268644}},
ISSN = {{0049-1241}},
EISSN = {{1552-8294}},
Unique-ID = {{ISI:000224706300004}},
}

@article{c2008food,
  title={Food-web connectance and predator interference dampen the paradox of enrichment},
  author={C. Rall, Bj{\"o}rn and Guill, Christian and Brose, Ulrich},
  journal={Oikos},
  volume={117},
  number={2},
  pages={202--213},
  year={2008},
  publisher={Wiley Online Library}
}

@article{denny2014buzz,
  title={Buzz Holling and the functional response},
  author={Denny, Mark},
  journal={The Bulletin of the Ecological Society of America},
  volume={95},
  number={3},
  pages={200--203},
  year={2014},
  publisher={JSTOR}
}

@article{elliott2004prey,
  title={Prey switching in four species of carnivorous stoneflies},
  author={Elliott, JM},
  journal={Freshwater biology},
  volume={49},
  number={6},
  pages={709--720},
  year={2004},
  publisher={Wiley Online Library}
}

@article{hassell1976components,
  title={The components of arthropod predation: I. The prey death-rate},
  author={Hassell, MP and Lawton, JH and Beddington, JR},
  journal={The Journal of Animal Ecology},
  pages={135--164},
  year={1976},
  publisher={JSTOR}
}

@book{hastings2013population,
  title={Population biology: concepts and models},
  author={Hastings, Alan},
  year={2013},
  publisher={Springer Science \& Business Media}
}

@article{hohberg2005predator,
  title={Predator--prey interaction in soil food web: functional response, size-dependent foraging efficiency, and the influence of soil texture},
  author={Hohberg, Karin and Traunspurger, Walter},
  journal={Biology and fertility of soils},
  volume={41},
  number={6},
  pages={419--427},
  year={2005},
  publisher={Springer}
}

@article{holland2010consumer,
  title={A consumer--resource approach to the density-dependent population dynamics of mutualism},
  author={Holland, J Nathaniel and DeAngelis, Donald L},
  journal={Ecology},
  volume={91},
  number={5},
  pages={1286--1295},
  year={2010},
  publisher={Wiley Online Library}
}

@article{holling1959some,
  title={Some characteristics of simple types of predation and parasitism},
  author={Holling, Crawford S},
  journal={Canadian entomologist},
  volume={91},
  number={7},
  pages={385--398},
  year={1959},
  publisher={v. 91}
}

@article{holling1966functional,
  title={The functional response of invertebrate predators to prey density},
  author={Holling, Crawford Stanley},
  journal={The Memoirs of the Entomological Society of Canada},
  volume={98},
  number={S48},
  pages={5--86},
  year={1966},
  publisher={Cambridge University Press}
}

@article{jeschke2002predator,
  title={Predator functional responses: discriminating between handling and digesting prey},
  author={Jeschke, Jonathan M and Kopp, Michael and Tollrian, Ralph},
  journal={Ecological Monographs},
  volume={72},
  number={1},
  pages={95--112},
  year={2002},
  publisher={Wiley Online Library}
}

@article{johnson2004model,
  title={Model selection in ecology and evolution},
  author={Johnson, Jerald B and Omland, Kristian S},
  journal={Trends in ecology \& evolution},
  volume={19},
  number={2},
  pages={101--108},
  year={2004},
  publisher={Elsevier}
}

@article{leeuwen2007population,
  title={How population dynamics shape the functional response in a one-predator--two-prey system},
  author={Leeuwen, E van and Jansen, VAA and Bright, PW},
  journal={Ecology},
  volume={88},
  number={6},
  pages={1571--1581},
  year={2007},
  publisher={Wiley Online Library}
}

@article{levins1966strategy,
  title={The strategy of model building in population biology},
  author={Levins, Richard},
  journal={American scientist},
  volume={54},
  number={4},
  pages={421--431},
  year={1966},
  publisher={JSTOR}
}

@book{lotka1925elements,
  title={Elements of physical biology},
  author={Lotka, Alfred James},
  year={1925},
  publisher={Williams \& Wilkins}
}

@article{oaten1975functional,
  title={Functional response and stability in predator-prey systems},
  author={Oaten, Allan and Murdoch, William W},
  journal={The American Naturalist},
  volume={109},
  number={967},
  pages={289--298},
  year={1975},
  publisher={University of Chicago Press}
}

@article{pawar2012dimensionality,
  title={Dimensionality of consumer search space drives trophic interaction strengths},
  author={Pawar, Samraat and Dell, Anthony I and Savage, Van M},
  journal={Nature},
  volume={486},
  number={7404},
  pages={485--489},
  year={2012},
  publisher={Nature Publishing Group}
}

@article{pritchard2017frair,
  title={Frair: an R package for fitting and comparing consumer functional responses},
  author={Pritchard, Daniel W and Paterson, Rachel and Bovy, Helene C and Barrios-O'Neill, Daniel},
  journal={Methods in Ecology and Evolution},
  volume={8},
  number={11},
  pages={1528--1534},
  year={2017},
  publisher={Wiley}
}

@article{real1977kinetics,
  title={The kinetics of functional response},
  author={Real, Leslie A},
  journal={The American Naturalist},
  volume={111},
  number={978},
  pages={289--300},
  year={1977},
  publisher={University of Chicago Press}
}

@article{rosenbaum2018fitting,
  title={Fitting functional responses: Direct parameter estimation by simulating differential equations},
  author={Rosenbaum, Benjamin and Rall, Bj{\"o}rn C},
  journal={Methods in Ecology and Evolution},
  volume={9},
  number={10},
  pages={2076--2090},
  year={2018},
  publisher={Wiley Online Library}
}

@article{skalski2001functional,
  title={Functional responses with predator interference: viable alternatives to the Holling type II model},
  author={Skalski, Garrick T and Gilliam, James F},
  journal={Ecology},
  volume={82},
  number={11},
  pages={3083--3092},
  year={2001},
  publisher={Wiley Online Library}
}

@article{volterra1926,
  title={Variazioni e fluttuazioni del numero dâ€™individui in specie animali convivienti.},
  author={Volterra V.},
  journal={Methods in Ecology and Evolution},
  year={1926},
  publisher={Mem. Acad. Lincei Roma.}
}

@article{williams2004stabilization,
  title={Stabilization of chaotic and non-permanent food-web dynamics},
  author={Williams, Richard J and Martinez, Neo D},
  journal={The European Physical Journal B},
  volume={38},
  number={2},
  pages={297--303},
  year={2004},
  publisher={Springer}
}